<!-- THIS FILE IS AUTOMATICALLY GENERATED - DO NOT EDIT.  To update it, just delete it and it will be regenerated from your test data. -->
<OAI-PMH xmlns="http://www.openarchives.org/OAI/2.0/" xmlns:xsi="http://www.w3.org/2001/XMLSchema-instance" xsi:schemaLocation="http://www.openarchives.org/OAI/2.0/ http://www.openarchives.org/OAI/2.0/OAI-PMH.xsd">
  <responseDate>2017-06-06T03:23:32Z</responseDate>
  <request identifier="oai:archivesspace//repositories/3/archival_objects/1" metadataPrefix="oai_marc" verb="GetRecord">http://your-public-oai-url.example.com</request>
  <GetRecord>
    <record>
      <header>
        <identifier>oai:archivesspace//repositories/3/archival_objects/1</identifier>
        <datestamp>2017-06-06T03:23:24Z</datestamp>
      </header>
      <metadata>
      <collection xmlns="http://www.loc.gov/MARC21/slim" xmlns:xsi="http://www.w3.org/2001/XMLSchema-instance" xsi:schemaLocation="http://www.loc.gov/standards/marcxml/schema/MARC21slim.xsd">
        <record>
          <leader/>


          <controlfield tag="008"/>


          <datafield ind1=" " ind2=" " tag="852">
            <subfield code="a">oai</subfield>

            <subfield code="b">oai_test</subfield>

    </datafield>

          <datafield ind1=" " ind2=" " tag="040">
            <subfield code="a">oai</subfield>

            <subfield code="c">oai</subfield>

    </datafield>

          <datafield ind1="1" ind2="0" tag="245">
            <subfield code="a">Archival_Object 1</subfield>

            <subfield code="f">2017-06-01</subfield>

    </datafield>

          <datafield ind1="1" ind2=" " tag="100">
            <subfield code="a">Agent, Creator</subfield>

            <subfield code="4">cre</subfield>

    </datafield>

          <datafield ind1="1" ind2="7" tag="600">
            <subfield code="a">Agent, Subject</subfield>

    </datafield>

          <datafield ind1=" " ind2="7" tag="651">
            <subfield code="a">Geographic</subfield>

            <subfield code="z">Subject</subfield>

            <subfield code="2">local</subfield>

    </datafield>

          <datafield ind1=" " ind2="7" tag="650">
            <subfield code="a">Topical</subfield>

            <subfield code="x">Subject</subfield>

            <subfield code="2">local</subfield>

    </datafield>

          <datafield ind1=" " ind2="7" tag="656">
            <subfield code="a">Function</subfield>

            <subfield code="">Subject</subfield>

            <subfield code="2">local</subfield>

    </datafield>

          <datafield ind1=" " ind2="7" tag="656">
            <subfield code="a">Occupation</subfield>

            <subfield code="">Subject</subfield>

            <subfield code="2">local</subfield>

    </datafield>

          <datafield ind1=" " ind2="7" tag="655">
            <subfield code="a">Genre</subfield>

            <subfield code="v">Subject</subfield>

            <subfield code="2">local</subfield>

    </datafield>

          <datafield ind1=" " ind2=" " tag="300">
            <subfield code="a">10 Volumes (Container summary)</subfield>

    </datafield>

          <datafield ind1="0" ind2=" " tag="041">
            <subfield code="a">eng</subfield>

    </datafield>

          <datafield ind1="0" ind2=" " tag="040">
            <subfield code="b">eng</subfield>

    </datafield>

          <datafield ind1="0" ind2=" " tag="049">
            <subfield code="a">eng</subfield>

    </datafield>

  </record>

</collection>

</metadata>
    </record>
  </GetRecord>
</OAI-PMH>
